@article{ LighNeal,
	journal = {Mathematics Magazine},
	author = {Steve Ligh and Larry Neal},
	volume = {47},
	number = {4},
	year = {1974},
	month = {Sep.},
	pages = {231-233},
	title = {A Note on Mersenne Numbers}
}
@book{ FriendlyIntro,
    author = {Joseph H. Silverman},
    title = {A Friendly Introduction to Number Theory},
    year = 2006,
    chapter = 14
}

@book{ taocpvol2,
	author = {Donald E. Knuth},
	title = {The Art of Computer Programming vol.2},
	year = 1980,
	chapter = 4
}

@misc{ utm.edu,
	author = {Chris K. Caldwell},
	title = {Mersenne Primes: History, Theorems and Lists},
	howpublished = {\url{http://primes.utm.edu/mersenne/index.html}}
}

@misc{ utm.edu-newconjecture,
	author = {Chris K. Caldwell},
	title = {The New Mersenne Prime Conjecture},
	howpublished = {\url{http://primes.utm.edu/mersenne/NewMersenneConjecture.html}}
}
@misc{ utm.edu-heuristic,
	author = {Chris K. Caldwell},
	title = {Heuristics: Deriving the Wagstaff Mersenne Conjecture},
	howpublished = {\url{http://primes.utm.edu/mersenne/heuristic.html}}
}
